@ARTICLE{pagiamtzis-jssc:2006,
 author = "Kostas Pagiamtzis and Ali Sheikholeslami",
 title  = "Content-addressable memory ({CAM}) circuits and architectures: A tutorial and survey",
 journal= "IEEE Journal of Solid-State Circuits",
 volume = "41",
 number = "3",
 month  = "March",
 year   = "2006",
 pages  = "712-727",
}

@article{rbt,
author="TANAKA, Ken and MIKAWA, Kenji",
title="Run-{B}ased {T}rie {I}nvolving the {S}tructure of {A}rbitrary {B}itmask {R}ules",
journal="IEICE Trans. Commun.",
ISSN="",
publisher="The Institute of Electronics, Information and Communication Engineers",
year="2015",
month="Jun",
volume="E98-D",
number="6",
pages="",
URL="",
DOI="",
}

@article{yuto,
	author="由人,小林 and 賢治,三河 and 賢,田中",
	title="トライを用いた高速パケット分類法の提案",
	journal="電子情報通信学会総合大会講演論文集",
	ISSN="",
	publisher="一般社団法人電子情報通信学会",
	year="2015",
	month="March",
        pages="198",
}


@inproceedings{hypercuts,
 author = {Singh, Sumeet and Baboescu, Florin and Varghese, George and Wang, Jia},
 title = {Packet Classification Using Multidimensional Cutting},
 booktitle = {Proceedings of the 2003 Conference on Applications, Technologies, Architectures, and Protocols for Computer Communications},
 series = {SIGCOMM '03},
 year = {2003},
 isbn = {1-58113-735-4},
 location = {Karlsruhe, Germany},
 pages = {213--224},
 numpages = {12},
 url = {http://doi.acm.org/10.1145/863955.863980},
 doi = {10.1145/863955.863980},
 acmid = {863980},
 publisher = {ACM},
 address = {New York, NY, USA},
 keywords = {QoS, firewalls, packet classification},
} 

@article{hikin,
author="TANAKA, Ken and MIKAWA, Kenji and HIKIN, Manabu",
title="A Heuristic Algorithm for Reconstructing a Packet Filter with Dependent Rules",
journal="IEICE Trans. Commun.",
ISSN="0916-8516",
publisher="The Institute of Electronics, Information and Communication Engineers",
year="2013",
month="",
volume="96",
number="1",
pages="155-162",
URL="http://ci.nii.ac.jp/naid/130003370024/en/",
DOI="10.1587/transcom.E96.B.155",
}

@ARTICLE{hicuts20,
author={Gupta, P. and McKeown, N.},
journal={Micro, IEEE},
title={Classifying packets with hierarchical intelligent cuttings},
year={2000},
month={Jan},
volume={20},
number={1},
pages={34-41},
keywords={Internet;heuristic programming;packet switching;search problems;telecommunication network routing;HiCuts;Internet router performance;classifier preprocessing;frequent updates;header fields;heuristics;hierarchical intelligent cuttings;minimal storage requirements;packet classification;query time;search space;simple heuristic;storage requirements;Access control;CADCAM;Channel allocation;Communication system traffic control;Computer aided manufacturing;Data structures;Intelligent structures;Load management;Routing;Web and internet services},
doi={10.1109/40.820051},
ISSN={0272-1732},
}

@ARTICLE{quad-trie,
	author={Lim, Hyesook and Choe, Youngju and Shim, Miran and Lee, Jungwon},
	journal={Communications Letters, IEEE},
	title={A Quad-Trie Conditionally Merged with a Decision Tree for Packet Classification},
	year={2014},
	month={April},
	volume={18},
	number={4},
	pages={676-679},
	keywords={Aerospace electronics;Decision trees;IP networks;Memory management;Performance evaluation;Ports (Computers);Throughput;HiCuts;Packet classification;area-based quad-trie;decision tree},
	doi={10.1109/LCOMM.2014.013114.132384},
	ISSN={1089-7798},
}

@article{siftsearch,
	author="創,長谷川 and 賢治,三河 and 賢,田中",
	title="B-7-33 任意のビットマスクに対応した階層型トライの提案(B-7.情報ネットワーク,一般セッション)",
	journal="電子情報通信学会総合大会講演論文集",
	ISSN="",
	publisher="一般社団法人電子情報通信学会",
	year="2011",
	month="feb",
	volume="2011",
	number="2",
	pages="197",
	URL="http://ci.nii.ac.jp/naid/110008577119/",
	DOI="",
}

@article{2014RbtHARADA,
author="崇司, 原田 and 賢, 田中 and 賢治, 三河",
title="B-7-27 決定木を用いた{R}un-{B}ased {T}rieの探索法({B}-7.情報ネットワーク,一般セッション)",
journal="電子情報通信学会ソサイエティ大会講演論文集",
ISSN="",
publisher="一般社団法人電子情報通信学会",
year="2014",
month="sep",
volume="2014",
number="2",
pages="84",
URL="http://ci.nii.ac.jp/naid/110009883416/",
DOI="",
}

@inproceedings{conf/infocom/HamedEA06,
	  added-at = {2007-07-18T00:00:00.000+0200},
	  author = {Hamed, Hazem and El-Atawy, Adel and Al-Shaer, Ehab},
	  biburl = {http://www.bibsonomy.org/bibtex/2fe7337d2db9d84fad20577b42f78e5bb/dblp},
	  booktitle = {INFOCOM},
	  date = {2007-07-18},
	  description = {dblp},
	  ee = {http://dx.doi.org/10.1109/INFOCOM.2006.129},
	  interhash = {7a9654411c66809f4f6082e6a505fc3e},
	  intrahash = {fe7337d2db9d84fad20577b42f78e5bb},
	  keywords = {dblp},
	  publisher = {IEEE},
	  timestamp = {2007-07-18T00:00:00.000+0200},
	  title = {Adaptive Statistical Optimization Techniques for Firewall Packet Filtering},
	  url = {http://dblp.uni-trier.de/db/conf/infocom/infocom2006.html#HamedEA06},
	  year = 2006
}

@article{Taylor_ClassBench,
	 author = {Taylor, David E. and Turner, Jonathan S.},
   title = {ClassBench: A Packet Classification Benchmark},
	 journal = {IEEE/ACM Trans. Netw.},
	 issue_date = {June 2007},
	 volume = {15},
	 number = {3},
	 month = jun,
	 year = {2007},
	 issn = {1063-6692},
	 pages = {499--511},
	 numpages = {13},
	 url = {http://dx.doi.org/10.1109/TNET.2007.893156},
	 doi = {10.1109/TNET.2007.893156},
	 acmid = {1295239},
	 publisher = {IEEE Press},
	 address = {Piscataway, NJ, USA},
	 keywords = {communication systems, computer network performance, packet classification, packet switching},
} 

@article{takeyama,
author="Tanaka, Ken and Mikawa, Kenji and Takeyama, Kouhei",
title="Optimization of packet filter with maintenance of rule dependencies",
journal="IEICE Communications Express",
ISSN="2187-0136",
publisher="The Institute of Electronics, Information and Communication Engineers",
year="2013",
month="",
volume="2",
number="2",
pages="80-85",
URL="http://ci.nii.ac.jp/naid/130003379292/en/",
DOI="10.1587/comex.2.80",
}

@INPROCEEDINGS{sgm,
author={Tapdiya, A. and Fulp, E.W.},
booktitle={Computer Communications and Networks, 2009. ICCCN 2009. Proceedings of 18th Internatonal Conference on},
title={Towards Optimal Firewall Rule Ordering Utilizing Directed Acyclical Graphs},
year={2009},
month={Aug},
pages={1-6},
keywords={computer networks;directed graphs;telecommunication security;directed acyclical graph;optimal firewall rule;packet header matching;rule sorting technique;security policy;Computational modeling;Computer science;Computer security;Delay;Filtering;Inspection;Merging;Sorting;Traffic control;Upper bound},
doi={10.1109/ICCCN.2009.5235232},
ISSN={1095-2055},}

@INPROCEEDINGS{Hicuts19,
    author = {Pankaj Gupta and Nick Mckeown},
    title = {Packet Classification using Hierarchical Intelligent Cuttings},
    booktitle = {in Hot Interconnects VII},
    year = {1999},
    pages = {34--41}
}

@InProceedings{grouper-conf,
 author = "Jay Ligatti and Josh Kuhn and Chris Gage",
 title = "A Packet-classification Algorithm for Arbitrary Bitmask Rules, with Automatic Time-space Tradeoffs",
 booktitle = "Proceedings of the International Conference on Computer Communication Networks ({ICCCN})",
 year = 2010,
 month = aug,
 pages = {145--150},
}

@article{survey_Taylor_2005,
 author = {Taylor, David E.},
 title = {Survey and Taxonomy of Packet Classification Techniques},
 journal = {ACM Comput. Surv.},
 issue_date = {September 2005},
 volume = {37},
 number = {3},
 month = sep,
 year = {2005},
 issn = {0360-0300},
 pages = {238--275},
 numpages = {38},
 url = {http://doi.acm.org/10.1145/1108956.1108958},
 doi = {10.1145/1108956.1108958},
 acmid = {1108958},
 publisher = {ACM},
 address = {New York, NY, USA},
 keywords = {Packet classification, flow identification},
} 
